@article{wang2014linguistic,
	title={Linguistic Adaptation in Conversation Threads: Analyzing Alignment in Online Health Communities},
	author={Wang, Yafei and Reitter, David and Yen, John},
	journal={ACL 2014},
	pages={55},
	year={2014}
}


@inproceedings{xu2015evaluation,
	title={An Evaluation and Comparison of Linguistic Alignment Measures},
	author={Xu, Yang and Reitter, David},
	bookititle={Proceedings of CMCL},
	pages={58--67},
	year={2015}
}
