@article{pickering2004toward,
	title={Toward a mechanistic psychology of dialogue},
	author={Pickering, Martin J and Garrod, Simon},
	journal={Behavioral and brain sciences},
	volume={27},
	number={02},
	pages={169--190},
	year={2004},
	publisher={Cambridge Univ Press}
}

@inproceedings{doyle2016robust,
	author = {Doyle, Gabriel and Yurovsky, Dan and Frank, Michael C},
	title = {A robust framework for estimating linguistic alignment in Twitter conversations},
	booktitle = {Proceedings of the 25th International World Wide Web Conference},
	year = {2016}
}

@article{wang2014linguistic,
	title={Linguistic Adaptation in Conversation Threads: Analyzing Alignment in Online Health Communities},
	author={Wang, Yafei and Reitter, David and Yen, John},
	journal={ACL 2014},
	pages={55},
	year={2014}
}


@inproceedings{xu2015evaluation,
	title={An Evaluation and Comparison of Linguistic Alignment Measures},
	author={Xu, Yang and Reitter, David},
	bookititle={Proceedings of CMCL},
	pages={58--67},
	year={2015}
}

@inproceedings{mikolov2013distributed,
 	title={Distributed representations of words and phrases and their compositionality},
	author={Mikolov, Tomas and Sutskever, Ilya and Chen, Kai and Corrado, Greg S and Dean, Jeff},
  	booktitle={Advances in neural information processing systems},
  	pages={3111--3119},
  	year={2013}
}

@article{le2014distributed,
 	 title={Distributed representations of sentences and documents},
 	 author={Le, Quoc V and Mikolov, Tomas},
 	 journal={arXiv preprint arXiv:1405.4053},
 	 year={2014}
}

@article{trask2015sense2vec,
 	 title={sense2vec-A Fast and Accurate Method for Word Sense Disambiguation In Neural Word Embeddings},
 	 author={Trask, Andrew and Michalak, Phil and Liu, John},
 	 journal={arXiv preprint arXiv:1511.06388},
 	 year={2015}
}

@article{niederhoffer2002linguistic,
 	 title={Linguistic style matching in social interaction},
 	 author={Niederhoffer, Kate G and Pennebaker, James W},
 	 journal={Journal of Language and Social Psychology},
 	 volume={21},
 	 number={4},
 	 pages={337--360},
 	 year={2002},
 	 publisher={Sage Publications}
}

@inproceedings{jones2014finding,
  	title={Finding zelig in text: A measure for normalising linguistic accommodation},
  	author={Jones, Simon and Cotterill, Rachel and Dewdney, Nigel and Muir, Kate and Joinson, Adam},
  	year={2014},
 	organization={Coling}
}

@inproceedings{godin2015nertwitter,
  title={Multimedia Lab @ ACL WNUT NER Shared Task: Named Entity Recognition for Twitter Microposts using Distributed Word Representations},
  author={Fr\â€™{e}deric Godin and Baptist Vandersmissen and Wesley De Neve and Rik Van De Walle},
  year={2015}
}